@inproceedings{Valentine12,
  author    = {Stephanie Valentine and Francisco Vides and George Lucchese and David Turner and Honghoe Kim and Honghoe Kim and Wenzhe Li and Julie Linsey and
               Tracy Anne Hammond},
  title     = {Mechanix: A Sketch-Based Tutoring System for Statics Courses},
  booktitle = {The Twenty-Fourth Conference on Innovative Applications of Artificial Intelligence},
  year      = {2012},
  ee        = {},
}

@inproceedings{LaViola04,
 author = {LaViola,Jr., Joseph J. and Zeleznik, Robert C.},
 title = {MathPad2: a system for the creation and exploration of mathematical sketches},
 booktitle = {ACM SIGGRAPH 2004 Papers},
 series = {SIGGRAPH '04},
 year = {2004},
 location = {Los Angeles, California},
 pages = {432--440},
 numpages = {9},
 acmid = {1015741},
 publisher = {ACM},
 address = {New York, NY, USA},
 keywords = {gestures, mathematical sketching, pen-based interfaces},
}

@MISC{Hammond02,
    author = {Tracy Hammond and Randy Davis},
    title = {Tahuti: A Geometrical Sketch Recognition System for UML Class Diagrams},
    year = {2002}
}

@article{Aarabi03,
 author = {Aarabi, Parham},
 title = {The fusion of distributed microphone arrays for sound localization},
 journal = {EURASIP J. Appl. Signal Process.},
 issue_date = {January 2003},
 volume = {2003},
 month = jan,
 year = {2003},
 issn = {1110-8657},
 pages = {338--347},
 numpages = {10},
 acmid = {1283289},
 publisher = {Hindawi Publishing Corp.},
 address = {New York, NY, United States},
 keywords = {information fusion, microphone arrays, sensor fusion, sensor integration, sound localization},
}

@inproceedings{Harrison08,
 author = {Harrison, Chris and Hudson, Scott E.},
 title = {Scratch input: creating large, inexpensive, unpowered and mobile finger input surfaces},
 booktitle = {Proceedings of the 21st annual ACM symposium on User interface software and technology},
 series = {UIST '08},
 year = {2008},
 isbn = {978-1-59593-975-3},
 location = {Monterey, CA, USA},
 pages = {205--208},
 numpages = {4},
 acmid = {1449747},
 publisher = {ACM},
 address = {New York, NY, USA},
 keywords = {acoustic sensing, ad hoc interaction, finger input, gestures, mobile devices, surfaces},
}


@inproceedings{Kim07,
 author = {Kim, Ji-Eun and Sunwoo, John and Son, Yong-Ki and Lee, Dong-Woo and Cho, Il-Yeon},
 title = {A gestural input through finger writing on a textured pad},
 booktitle = {CHI '07 extended abstracts on Human factors in computing systems},
 series = {CHI EA '07},
 year = {2007},
 isbn = {978-1-59593-642-4},
 location = {San Jose, CA, USA},
 pages = {2495--2500},
 numpages = {6},
 acmid = {1241030},
 publisher = {ACM},
 address = {New York, NY, USA},
 keywords = {finger writing/stroking/drawing, gesture recognition, textured pad},
}

@ARTICLE{Myers80,
author={Myers, C. and Rabiner, L. and Rosenberg, A.},
journal={Acoustics, Speech and Signal Processing, IEEE Transactions on}, title={Performance tradeoffs in dynamic time warping algorithms for isolated word recognition},
year={1980},
month={dec},
volume={28},
number={6},
pages={ 623 - 635},
keywords={},
ISSN={0096-3518},}

@INPROCEEDINGS {Min04,
   author = {Xu, Min and Duan, Ling-Yu and Cai, Jianfei and Chia, Liang-Tien and Xu, Changsheng and Tian, Qi},
   affiliation = {School of Computer Engineering, Nanyang Technological University, Singapore 639798},
   title = {HMM-Based Audio Keyword Generation},
   booktitle = {Advances in Multimedia Information Processing - PCM 2004},
   series = {Lecture Notes in Computer Science},
   editor = {Aizawa, Kiyoharu and Nakamura, Yuichi and Satoh, Shin’ichi},
   publisher = {Springer Berlin / Heidelberg},
   isbn = {978-3-540-23985-7},
   keyword = {Computer Science},
   pages = {566 - 574},
   volume = {3333},
   year = {2005}
}

@article{Tanimoto81,
title = "Template matching in pyramids",
journal = "Computer Graphics and Image Processing",
volume = "16",
number = "4",
pages = "356 - 369",
year = "1981",
note = "",
issn = "0146-664X",
author = "Steven L Tanimoto"
}




@INPROCEEDINGS{Logan00y,
    author = {Beth Logan},
    title = {Mel Frequency Cepstral Coefficients for Music Modeling},
    booktitle = {In International Symposium on Music Information Retrieval},
    year = {2000}
}

@INPROCEEDINGS{Saha05,
    author = {G. Saha, Sandipan Chakroborty, Suman Senapati},
    title = {A new silence removal and endpoint detection algorithms for speech and speaker recognition applications},
    booktitle = {Proceedings of NCC},
    year = {2005}
}

@ARTICLE{Boll79,
author={Boll, S.},
journal={Acoustics, Speech and Signal Processing, IEEE Transactions on}, title={Suppression of acoustic noise in speech using spectral subtraction},
year={1979},
month={apr},
volume={27},
number={2},
pages={ 113 - 120},
keywords={},
doi={10.1109/TASSP.1979.1163209},
ISSN={0096-3518},}


@inproceedings{Li11,
  author    = {Wenzhe Li and
               Tracy Anne Hammond},
  title     = {Recognizing Text Through Sound Alone},
  booktitle = {AAAI},
  year      = {2011},
  bibsource = {DBLP, http://dblp.uni-trier.de}
}



@inproceedings{Seniuk09,
  author    = {Andrew G. Seniuk and
               Dorothea Blostein},
  title     = {Pen Acoustic Emissions for Text and Gesture Recognition},
  booktitle = {ICDAR},
  year      = {2009},
  pages     = {872-876},
  bibsource = {DBLP, http://dblp.uni-trier.de}
}

@inproceedings{Wobbrock07,
 author = {Wobbrock, Jacob O. and Wilson, Andrew D. and Li, Yang},
 title = {Gestures without libraries, toolkits or training: a \$1 recognizer for user interface prototypes},
 booktitle = {Proceedings of the 20th annual ACM symposium on User interface software and technology},
 series = {UIST '07},
 year = {2007},
 isbn = {978-1-59593-679-0},
 location = {Newport, Rhode Island, USA},
 pages = {159--168},
 numpages = {10},
 acmid = {1294238},
 publisher = {ACM},
 address = {New York, NY, USA},
 keywords = {dynamic time warping, gesture recognition, marks, rapid prototyping, recognition rates, rubine, statistical classifiers, strokes, symbols, unistrokes, user interfaces},
}

@inproceedings{Anthony10,
 author = {Anthony, Lisa and Wobbrock, Jacob O.},
 title = {A lightweight multistroke recognizer for user interface prototypes},
 booktitle = {Proceedings of Graphics Interface 2010},
 series = {GI '10},
 year = {2010},
 isbn = {978-1-56881-712-5},
 location = {Ottawa, Ontario, Canada},
 pages = {245--252},
 numpages = {8},
 acmid = {1839258},
 publisher = {Canadian Information Processing Society},
 address = {Toronto, Ont., Canada, Canada},
 keywords = {gesture recognition, marks, multistrokes, rapid prototyping, stroke recognition, symbols, unistrokes, user interfaces},
}

@article {Gower75,
   author = {Gower, J.},
   affiliation = {Rothamsted Experimental Station Harpenden Herts Harpenden Herts},
   title = {Generalized procrustes analysis},
   journal = {Psychometrika},
   publisher = {Springer New York},
   issn = {0033-3123},
   keyword = {Behavioral Science},
   pages = {33-51},
   volume = {40},
   issue = {1},
   note = {10.1007/BF02291478},
   year = {1975}
}

@inproceedings{Hongsheng11,
    author = {Hongsheng Li, Junzhou H.},
    booktitle = {ICCV},
    citeulike-article-id = {10089472},
    keywords = {convexification, matching},
    posted-at = {2011-12-02 17:32:06},
    priority = {2},
    title = {{Optimal Object Matching via Convexi?cation and Composition}},
    year = {2011}
}

@TECHREPORT{Fredriksson03,
    author = {Kimmo Fredriksson and Veli Mäkinen and Gonzalo Navarro},
    title = {Rotation and lighting invariant template matching},
    institution = {In Proc. 6th Latin American Symposium on Theoretical Informatics (LATIN 2004), LNCS 2976},
    year = {2003}
}

@ARTICLE{Hu62,
author={Ming-Kuei Hu},
journal={Information Theory, IRE Transactions on}, title={Visual pattern recognition by moment invariants},
year={1962},
month={february },
volume={8},
number={2},
pages={179 -187},
keywords={Image analysis;Pattern recognition;},
ISSN={0096-1000},}

@article{Chen93,
title = "Improved moment invariants for shape discrimination",
journal = "Pattern Recognition",
volume = "26",
number = "5",
pages = "683 - 686",
year = "1993",
note = "",
author = "Chaur-Chin Chen",
keywords = "Improved moment invariants",
keywords = "Traditional moment invariants",
keywords = "Shape feature extraction",
keywords = "Shape recognition"
}

@article{Li92,
title = "Reforming the theory of invariant moments for pattern recognition",
journal = "Pattern Recognition",
volume = "25",
number = "7",
pages = "723 - 730",
year = "1992",
note = "",
issn = "0031-3203",
author = "Yajun Li",
keywords = "Algebraic invariants",
keywords = "Irradiance distribution",
keywords = "Moment invariants",
keywords = "Fourier-Mellin transform",
keywords = "Integral invariants",
keywords = "Automatic image identification",
keywords = "Character recognition model"
}

@inproceedings{Hse04,
 author = {Hse, Heloise and Newton, A. Richard},
 title = {Sketched Symbol Recognition using Zernike Moments},
 booktitle = {Proceedings of the Pattern Recognition, 17th International Conference on (ICPR'04) Volume 1 - Volume 01},
 series = {ICPR '04},
 year = {2004},
 isbn = {0-7695-2128-2},
 pages = {367--370},
 numpages = {4},
 acmid = {1020514},
 publisher = {IEEE Computer Society},
 address = {Washington, DC, USA},
}


@article{Sun08,
 author = {Sun, Te-Hsiu and Liu, Chi-Shuan and Tien, Fang-Chih},
 title = {Invariant 2D object recognition using eigenvalues of covariance matrices, re-sampling and autocorrelation},
 journal = {Expert Syst. Appl.},
 issue_date = {November, 2008},
 volume = {35},
 number = {4},
 month = nov,
 year = {2008},
 issn = {0957-4174},
 pages = {1966--1977},
 numpages = {12},
 acmid = {1401467},
 publisher = {Pergamon Press, Inc.},
 address = {Tarrytown, NY, USA},
 keywords = {2D invariant object recognition, Autocorrelation coefficient, Eigenvalues of covariance matrix, Feature extraction},
}

@ARTICLE{Huttenlocher93,
author={Huttenlocher, D.P. and Klanderman, G.A. and Rucklidge, W.J.},
journal={Pattern Analysis and Machine Intelligence, IEEE Transactions on}, title={Comparing images using the Hausdorff distance},
year={1993},
month={sep},
volume={15},
number={9},
pages={850 -863},
keywords={Hausdorff distance;binary image;image comparison;position error tolerance;rigid motion;shape comparison methods;translation;image processing;},
ISSN={0162-8828},}


@INPROCEEDINGS{Kara04,
    author = {Levent Burak Kara},
    title = {An Image-Based Trainable Symbol Recognizer for Sketch-Based Interfaces},
    booktitle = {in AAAI Fall Symposium Series 2004: Making Pen-Based Interaction Intelligent and Natural},
    year = {2004},
    pages = {99--105},
    publisher = {AAAI Press}
}



@inproceedings{Gupta12,
  author    = {Sidhant Gupta and
               Daniel Morris and
               Shwetak Patel and
               Desney S. Tan},
  title     = {SoundWave: using the doppler effect to sense gestures},
  booktitle = {CHI},
  year      = {2012},
  pages     = {1911-1914}
}

@inproceedings{Kim07,
 author = {Kim, Ji-Eun and Sunwoo, John and Son, Yong-Ki and Lee, Dong-Woo and Cho, Il-Yeon},
 title = {A gestural input through finger writing on a textured pad},
 booktitle = {CHI '07 extended abstracts on Human factors in computing systems},
 series = {CHI EA '07},
 year = {2007},
 isbn = {978-1-59593-642-4},
 location = {San Jose, CA, USA},
 pages = {2495--2500},
 numpages = {6},
 acmid = {1241030},
 publisher = {ACM},
 address = {New York, NY, USA},
 keywords = {finger writing/stroking/drawing, gesture recognition, textured pad},
}

@inproceedings{Elidan10,
  author    = {Gal Elidan},
  title     = {Copula Bayesian Networks},
  booktitle = {NIPS},
  year      = {2010},
  pages     = {559-567},
  bibsource = {DBLP, http://dblp.uni-trier.de}
}

@incollection {Salinas10,
   author = {Salinas-Gutiérrez, Rogelio and Hernández-Aguirre, Arturo and Rivera-Meraz, Mariano and Villa-Diharce, Enrique},
   affiliation = {Center for Research in Mathematics (CIMAT), Guanajuato, México},
   title = {Supervised Probabilistic Classification Based on Gaussian Copulas},
   booktitle = {Advances in Soft Computing},
   series = {Lecture Notes in Computer Science},
   editor = {Sidorov, Grigori and Hernández Aguirre, Arturo and Reyes García, Carlos},
   publisher = {Springer Berlin / Heidelberg},
   isbn = {978-3-642-16772-0},
   keyword = {Computer Science},
   pages = {104-115},
   volume = {6438},
   note = {10.1007/978-3-642-16773-7_9},
   year = {2010}
}

@inproceedings{Zhen00,
  added-at = {2011-03-23T00:00:00.000+0100},
  author = {Zhen, Bin and Wu, Xihong and Liu, Zhimin and Chi, Huisheng},
  biburl = {http://www.bibsonomy.org/bibtex/232f85084ad4f17313cf44b79e4608a11/dblp},
  booktitle = {INTERSPEECH},
  crossref = {conf/interspeech/2000},
  interhash = {2de731fa8b14aef4b66b4a40217d2e9a},
  intrahash = {32f85084ad4f17313cf44b79e4608a11},
  keywords = {dblp},
  pages = {487-490},
  publisher = {ISCA},
  title = {On the importance of components of the MFCC in speech and speaker recognition.},
  year = 2000
}

@inproceedings{Mckinney03,
    author = {Mckinney, Martin F.},
    booktitle = {Proceedings of the International Symposium on Music Information Retrieval},
    citeulike-article-id = {3404082},
    pages = {151--158},
    posted-at = {2008-10-14 12:15:45},
    priority = {2},
    title = {{Features for Audio and Music Classification}},
    year = {2003}
}

@ARTICLE{Rabiner89,
author={Rabiner, L.R.},
journal={Proceedings of the IEEE}, title={A tutorial on hidden Markov models and selected applications in speech recognition},
year={1989},
month={feb},
volume={77},
number={2},
pages={257 -286},
keywords={balls-in-urns system;coin-tossing;discrete Markov chains;ergodic models;hidden Markov models;hidden states;left-right models;probabilistic function;speech recognition;Markov processes;speech recognition;},
ISSN={0018-9219},}

@article{Hampton94,
title = "Fast-Fourier-transform spectral enhancement techniques for ¦Ã-ray spectroscopy",
journal = "Nuclear Instruments and Methods in Physics Research Section A: Accelerators, Spectrometers, Detectors and Associated Equipment",
volume = "353",
number = "1¨C3",
pages = "280 - 284",
year = "1994",
note = "",
issn = "0168-9002",
author = "C.V. Hampton and B. Lian and Wm.C. McHarris"
}

@ARTICLE{Xu94,
author={Yansun Xu and Weaver, J.B. and Healy, D.M. and Jian Lu},
journal={Image Processing, IEEE Transactions on}, title={Wavelet transform domain filters: a spatially selective noise filtration technique},
year={1994},
month={nov},
volume={3},
number={6},
pages={747 -758},
keywords={artifacts;direct spatial correlation;edge detection;enhancement;filtered images;image restoration;motion artifact removal;multiresolution decompositions;noise content;noise filtration technique;phantom images;real MR images;resolution;simulated signals;spatially dependent noise filtration;spatially selective noise filtration technique;wavelet transform domain filters;correlation methods;edge detection;filtering theory;image enhancement;image restoration;medical image processing;medical signal processing;wavelet transforms;},
ISSN={1057-7149},}

@INPROCEEDINGS{Gajic01,
    author = {Bojana Gajic and Kuldip K. Paliwal},
    title = {Robust Feature Extraction Using Subband Spectral Centroid Histograms},
    booktitle = {in Proc. ICASSP},
    year = {2001},
    pages = {85--88}
}

@book{Tsiakoulis09, title={Short-time instantaneous frequency and bandwidth features for speech recognition}, journal={2009 IEEE Workshop on Automatic Speech Recognition Understanding}, publisher={IEEE}, author={Tsiakoulis, Pirros and Potamianos, Alexandros and Dimitriadis, Dimitrios}, year={2009}, pages={103--106}}

@MISC{Izmirli00,
    author = {Ozgur Izmirli},
    title = {Using a Spectral Flatness Based Feature for Audio Segmentation and Retrieval},
    year = {2000}
}

@INPROCEEDINGS{Herre01,
author={Herre, J. and Allamanche, E. and Hellmuth, O.},
booktitle={Applications of Signal Processing to Audio and Acoustics, 2001 IEEE Workshop on the}, title={Robust matching of audio signals using spectral flatness features },
year={2001},
month={},
volume={},
number={},
pages={127 -130},
keywords={audio signal identification;audio signal matching;content-related techniques;multimedia data;signal distortions;spectral flatness features;audio signal processing;feature extraction;pattern matching;spectral analysis;},
ISSN={},}

@TECHREPORT{misra03,
         author = {Misra, Hemant and Ikbal, Shajith and Bourlard, Herv{\'{e}} and Hermansky, Hynek},
       projects = {Idiap},
          month = {0},
          title = {Spectral Entropy Based Feature for Robust {ASR}},
           type = {Idiap-RR},
         number = {Idiap-RR-56-2003},
           year = {2003},
    institution = {IDIAP},
        address = {Martigny, Switzerland},
           note = {in Proceedings of the IEEE International Conference on Acoustics, Speech, and Signal Processing {(ICASSP)}, 2004},
ipdinar={2003},
ipdmembership={speech},
language={English},
}

@INPROCEEDINGS{Beadle08,
author={Beadle, E. and Schroeder, J. and Moran, B. and Suvorova, S.},
booktitle={Signals, Systems and Computers, 2008 42nd Asilomar Conference on}, title={An overview of Renyi Entropy and some potential applications},
year={2008},
month={oct.},
volume={},
number={},
pages={1698 -1704},
keywords={Renyi entropy;Shannon entropy;pattern recognition;spectral estimation;entropy;pattern recognition;spectral analysis;},
ISSN={1058-6393},}

@INPROCEEDINGS{Martin01,
author={Martin, A. and Charlet, D. and Mauuary, L.},
booktitle={Acoustics, Speech, and Signal Processing, 2001. Proceedings. (ICASSP '01). 2001 IEEE International Conference on}, title={Robust speech/non-speech detection using LDA applied to MFCC},
year={2001},
month={},
volume={1},
number={},
pages={237 -240 vol.1},
keywords={linear discriminant analysis;mel frequency cepstrum coefficients;noise segments;nonspeech detection;signal to noise ratio;speech detection;very noisy environment;covariance matrices;finite automata;speech recognition;statistical analysis;},
ISSN={1520-6149},}

@INPROCEEDINGS{Xiong03,
author={Ziyou Xiong and Radhakrishnan, R. and Divakaran, A. and Huang, T.S.},
booktitle={Acoustics, Speech, and Signal Processing, 2003. Proceedings. (ICASSP '03). 2003 IEEE International Conference on}, title={Comparing MFCC and MPEG-7 audio features for feature extraction, maximum likelihood HMM and entropic prior HMM for sports audio classification},
year={2003},
month={april},
volume={5},
number={},
pages={ V - 628-31 vol.5},
keywords={ MFCC; MPEG-7 audio features; Mel-frequency cepstrum coefficients; entropic prior HMM; feature extraction; hidden Markov models; maximum likelihood HMM; model parameter trimming; sports audio classification; audio signal processing; feature extraction; hidden Markov models; signal classification;},
ISSN={1520-6149},}

@INPROCEEDINGS{Arunan05,
author={Arunan Ramalingam and Sridhar Krishnan},
booktitle={Multimedia and Expo, 2005. ICME 2005. IEEE International Conference on}, title={Gaussian Mixture Modeling Using Short Time Fourier Transform Features for Audio Fingerprinting},
year={2005},
month={july},
volume={},
number={},
pages={1146 -1149},
keywords={Fourier transform;GMM;Gaussian mixture model;audio clip recognition;audio fingerprinting;feature extraction;spectral centroid;training phase;Fourier transforms;Gaussian processes;audio signal processing;feature extraction;fingerprint identification;speech recognition;},
ISSN={},}

@INPROCEEDINGS{Martin10,
author={Martin, B. and Juliet, V.},
booktitle={Recent Advances in Space Technology Services and Climate Change (RSTSCC), 2010}, title={Extraction of feature from the acoustic activity of RPW using MFCC},
year={2010},
month={nov.},
volume={},
number={},
pages={194 -197},
keywords={MFCC;Mel frequency cepstral coding;RPW;acoustic activity;digital voice recorders;feature extraction;linear cosine transform;power spectrum;sound processing;acoustic signal processing;cepstral analysis;digital audio tape;discrete cosine transforms;feature extraction;speech recognition;},
ISSN={},}

@book{Rabiner93,
 author = {Rabiner, Lawrence and Juang, Biing-Hwang},
 title = {Fundamentals of speech recognition},
 year = {1993},
 isbn = {0-13-015157-2},
 publisher = {Prentice-Hall, Inc.},
 address = {Upper Saddle River, NJ, USA}
}

@article{Pekalska06,
title = "Prototype selection for dissimilarity-based classifiers",
journal = "Pattern Recognition",
volume = "39",
number = "2",
pages = "189 - 208",
year = "2006",
note = "<ce:title>Part Special Issue: Complexity Reduction</ce:title> <xocs:full-name>Part Special Issue: Complexity Reduction</xocs:full-name>",
issn = "0031-3203",
author = "Elzbieta Pekalska and Robert P.W. Duin and Pavel Pacl¨ªk",
keywords = "Dissimilarity",
keywords = "Representation",
keywords = "Prototype selection",
keywords = "Normal density based classifiers",
keywords = "Nearest neighbor rule"
}

@article{S97,
title = "Prototype selection for the nearest neighbour rule through proximity graphs",
journal = "Pattern Recognition Letters",
volume = "18",
number = "6",
pages = "507 - 513",
year = "1997",
note = "",
issn = "0167-8655",
author = "J.S. S¨¢nchez and F. Pla and F.J. Ferri",
keywords = "Nearest neighbour",
keywords = "Prototype selection",
keywords = "Gabriel graph",
keywords = "Relative neighbourhood graph"
}

@article{Salvador08,
title = "A memetic algorithm for evolutionary prototype selection: A scaling up approach",
journal = "Pattern Recognition",
volume = "41",
number = "8",
pages = "2693 - 2709",
year = "2008",
note = "",
issn = "0031-3203",
author = "Salvador Garc¨ªa and Jos¨¦ Ram¨®n Cano and Francisco Herrera",
keywords = "Data reduction",
keywords = "Evolutionary algorithms",
keywords = "Memetic algorithms",
keywords = "Prototype selection",
keywords = "Scaling up",
keywords = "Nearest neighbour rule",
keywords = "Data mining"
}

@article{Wold87,
title = "Principal component analysis",
journal = "Chemometrics and Intelligent Laboratory Systems",
volume = "2",
number = "1¨C3",
pages = "37 - 52",
year = "1987",
note = "<ce:title>Proceedings of the Multivariate Statistical Workshop for Geologists and Geochemists</ce:title>",
issn = "0169-7439",
author = "Svante Wold and Kim Esbensen and Paul Geladi"
}

@INPROCEEDINGS{Mika99,
author={Mika, S. and Ratsch, G. and Weston, J. and Scholkopf, B. and Mullers, K.R.},
booktitle={Neural Networks for Signal Processing IX, 1999. Proceedings of the 1999 IEEE Signal Processing Society Workshop}, title={Fisher discriminant analysis with kernels},
year={1999},
month={aug},
volume={},
number={},
pages={41 -48},
keywords={Fisher discriminant analysis;feature space;input space;kernels;linear classification;nonlinear classification technique;nonlinear decision function;Bayes methods;decision theory;feature extraction;learning (artificial intelligence);neural nets;pattern classification;},
ISSN={}
}

@article {Torgerson52,
   author = {Torgerson, Warren},
   affiliation = {Social Science Research Council USA USA},
   title = {Multidimensional scaling: I. Theory and method},
   journal = {Psychometrika},
   publisher = {Springer New York},
   issn = {0033-3123},
   keyword = {Behavioral Science},
   pages = {401-419},
   volume = {17},
   issue = {4},
   note = {10.1007/BF02288916},
   year = {1952}
}

@article{Williamson89,
title={The box plot: a simple visual method to interpret data.},
volume={110},
number={11}, journal={Annals of Internal Medicine},
author={Williamson, D F and Parker, R A and Kendrick, J S},
year={1989},
pages={916--921}
}


@article{Sun11,
author = {Sun, Ying and Genton, Marc G.},
title = {Functional Boxplots},
journal = {Journal of Computational and Graphical Statistics},
volume = {20},
number = {2},
pages = {316-334},
year = {2011}
}

@ARTICLE{Cover67,
author={Cover, T. and Hart, P.},
journal={Information Theory, IEEE Transactions on}, title={Nearest neighbor pattern classification},
year={1967},
month={january },
volume={13},
number={1},
pages={21 -27},
keywords={Pattern classification;},
ISSN={0018-9448}
}


@article {Joanes98,
author = { Joanes, D. N. and  Gill, C. A.},
title = {Comparing measures of sample skewness and kurtosis},
journal = {Journal of the Royal Statistical Society: Series D (The Statistician)},
volume = {47},
number = {1},
publisher = {Blackwell Publishers Ltd},
issn = {1467-9884},
pages = {183--189},
keywords = {Bias, Kurtosis, Mean-squared error, Skewness},
year = {1998}
}

@incollection {Patton09,
   author = {Patton, Andrew J.},
   affiliation = {University of Oxford Department of Economics and Oxford-Man Institute of Quantitative Finance Manor Road Oxford OX1 3UQ United Kingdom},
   title = {Copula based Models for Financial Time Series},
   booktitle = {Handbook of Financial Time Series},
   editor = {Mikosch, Thomas and Krei, Jens-Peter and Davis, Richard A. and Andersen, Torben Gustav},
   publisher = {Springer Berlin Heidelberg},
   isbn = {978-3-540-71297-8},
   keyword = {Mathematics and Statistics},
   pages = {767-785},
   year = {2009}
}

@article{Genest09,
author = {Genest, Christian and Gendron, Michel and Bourdeau-Brien, Michl},
title = {The Advent of Copulas in Finance},
journal = {The European Journal of Finance},
volume = {15},
number = {7-8},
pages = {609-618},
year = {2009}
}

@article{Juan07,
title = "Measuring financial contagion: A Copula approach",
journal = "Journal of Empirical Finance",
volume = "14",
number = "3",
pages = "401 - 423",
year = "2007",
note = "",
issn = "0927-5398",
author = "Juan Carlos Rodriguez",
keywords = "Financial crises",
keywords = "Contagion",
keywords = "Copulas"
}

@incollection {Rasmussen04,
   author = {Rasmussen, Carl},
   affiliation = {Max Planck Institute for Biological Cybernetics, 72076 Tbingen, Germany},
   title = {Gaussian Processes in Machine Learning},
   booktitle = {Advanced Lectures on Machine Learning},
   series = {Lecture Notes in Computer Science},
   editor = {Bousquet, Olivier and von Luxburg, Ulrike and Rtsch, Gunnar},
   publisher = {Springer Berlin / Heidelberg},
   isbn = {978-3-540-23122-6},
   keyword = {Computer Science},
   pages = {63-71},
   volume = {3176},
   year = {2004}
}

@article{Lacey90,
title = "A note on the almost sure central limit theorem",
journal = "Statistics \&amp; Probability Letters",
volume = "9",
number = "3",
pages = "201 - 205",
year = "1990",
note = "",
issn = "0167-7152",
author = "Michael T. Lacey and Walter Philipp",
keywords = "Central limit theorem",
keywords = "weakly dependent random variables",
keywords = "almost sure invariance principle",
keywords = "summation methods"
}
