@article{al2012survey,
  title={A survey of job recommender systems},
  author={Al-Otaibi, Shaha T and Ykhlef, Mourad},
  journal={International Journal of the Physical Sciences},
  volume={7},
  number={29},
  pages={5127--5142},
  year={2012},
  publisher={Citeseer}
}

@inproceedings{singh2010prospect,
  title={PROSPECT: a system for screening candidates for recruitment},
  author={Singh, Amit and Rose, Catherine and Visweswariah, Karthik and Chenthamarakshan, Vijil and Kambhatla, Nandakishore},
  booktitle={Proceedings of the 19th ACM international conference on Information and knowledge management},
  pages={659--668},
  year={2010},
  organization={ACM}
}

@inproceedings{rafter2000personalised,
  title={Personalised retrieval for online recruitment services},
  author={Rafter, Rachael and Bradley, Keith and Smyth, Barry},
  booktitle={Proceedings of the 22nd Annual Colloquium on Information Retrieval. 2000.},
  year={2000}
}

@inproceedings{lee2007fighting,
  title={Fighting information overflow with personalized comprehensive information access: a proactive job recommender},
  author={Lee, Danielle H and Brusilovsky, Peter},
  booktitle={Autonomic and Autonomous Systems, 2007. ICAS07. Third International Conference on},
  pages={21--21},
  year={2007},
  organization={IEEE}
}
